<record><leader>00000cas a22000007a 4500</leader><controlfield tag="001">12637097</controlfield><controlfield tag="008">851004d18851968wvuwr ne      0    0eng d</controlfield><datafield ind1=" " ind2=" " tag="010"><subfield code="a">sn 85059503 </subfield></datafield><datafield ind1=" " ind2=" " tag="040"><subfield code="a">WVC</subfield><subfield code="b">eng</subfield><subfield code="c">WVC</subfield><subfield code="d">NVJ</subfield><subfield code="d">NVK</subfield><subfield code="d">OCLCQ</subfield><subfield code="d">OCLCF</subfield><subfield code="d">OCLCO</subfield></datafield><datafield ind1="1" ind2=" " tag="029"><subfield code="a">AU@</subfield><subfield code="b">000040687019</subfield></datafield><datafield ind1=" " ind2=" " tag="042"><subfield code="a">msc</subfield></datafield><datafield ind1=" " ind2=" " tag="043"><subfield code="a">n-us-wv</subfield></datafield><datafield ind1="0" ind2="4" tag="245"><subfield code="a">The Berkeley Springs news.</subfield></datafield><datafield ind1="3" ind2="0" tag="246"><subfield code="a">News</subfield></datafield><datafield ind1=" " ind2=" " tag="260"><subfield code="a">Berkeley Springs, W. Va. :</subfield><subfield code="b">C.H. Hawvermale &amp; Co.,</subfield><subfield code="c">1885-1968.</subfield></datafield><datafield ind1=" " ind2=" " tag="300"><subfield code="a">v.</subfield></datafield><datafield ind1=" " ind2=" " tag="310"><subfield code="a">Weekly</subfield></datafield><datafield ind1="0" ind2=" " tag="362"><subfield code="a">Vol. 1, no. 1 (Mar. 27, 1885)-v. 75, no. 7 (Nov. 8, 1968).</subfield></datafield><datafield ind1=" " ind2=" " tag="500"><subfield code="a">Issue for Oct. 10, 1924 published as: The news.</subfield></datafield><datafield ind1=" " ind2=" " tag="500"><subfield code="a">Publishers: C.H. Hawvermale, 1885-1890; S.D. Pendleton, 1890-1930; W.L. Price, Irvine Dick, W. Jack Hunter &amp; J.A. Proctor, 1930-1934; S.S. Buzzard, 1934-1968.</subfield></datafield><datafield ind1=" " ind2=" " tag="500"><subfield code="a">"Democratic."</subfield></datafield><datafield ind1=" " ind2=" " tag="500"><subfield code="a">The town's legal name is Bath.</subfield></datafield><datafield ind1=" " ind2=" " tag="500"><subfield code="a">In Nov. 1885, C.H. Hawvermale was the youngest editor in the state at 19 years of age.</subfield></datafield><datafield ind1=" " ind2="0" tag="651"><subfield code="a">Berkeley Springs (W. Va.)</subfield><subfield code="v">Newspapers.</subfield></datafield><datafield ind1=" " ind2="7" tag="655"><subfield code="a">Newspapers.</subfield><subfield code="2">fast</subfield><subfield code="0">(OCoLC)fst01423814</subfield></datafield><datafield ind1=" " ind2="7" tag="651"><subfield code="a">West Virginia</subfield><subfield code="z">Berkeley Springs.</subfield><subfield code="2">fast</subfield><subfield code="0">(OCoLC)fst01208527</subfield></datafield><datafield ind1=" " ind2=" " tag="752"><subfield code="a">United States</subfield><subfield code="b">West Virginia</subfield><subfield code="c">Morgan</subfield><subfield code="d">Berkeley Springs.</subfield></datafield></record>